@INPROCEEDINGS{8461974,

  author={Xu, Hainan and Chen, Tongfei and Gao, Dongji and Wang, Yiming and Li, Ke and Goel, Nagendra and Carmiel, Yishay and Povey, Daniel and Khudanpur, Sanjeev},

  booktitle={2018 IEEE International Conference on Acoustics, Speech and Signal Processing (ICASSP)}, 

  title={A Pruned Rnnlm Lattice-Rescoring Algorithm for Automatic Speech Recognition}, 

  year={2018},

  volume={},

  number={},

  pages={5929-5933},

  doi={10.1109/ICASSP.2018.8461974}}


@misc{pocolm,
  author={danpovey},
  title={Pocolm Github},
  year={2022},
  url={https://github.com/danpovey/pocolm}
} 

@misc{decodinggraph,
  author={Kaldi-ASR},
  title={Decoding graph construction in Kaldi},
  year={2022},
  url={https://kaldi-asr.org/doc/graph.html}
} 

https://kaldi-asr.org/doc/lattices.html

@misc{kaldilattice,
  author={Kaldi-ASR},
  title={Lattices in Kaldi},
  year={2022},
  url={https://kaldi-asr.org/doc/lattices.html}
} 

@misc{kaldimllt,
  author={Kaldi-ASR},
  title={Maximum Likelihood Linear Transform (MLLT) estimation in Kaldi},
  year={2022},
  url={https://kaldi-asr.org/doc/transform.html#transform_mllt}
} 


@misc{kaldilda,
  author={Kaldi-ASR},
  title={Linear Discriminant Analysis (LDA) transforms in Kaldi},
  year={2022},
  url={https://kaldi-asr.org/doc/transform.html#transform_lda}
} 

@misc{kaldicmvn,
  author={Kaldi-ASR},
  title={Cepstral mean and variance normalization in Kaldi},
  year={2022},
  url={https://kaldi-asr.org/doc/transform.html#transform_cmvn}
} 


https://github.com/kaldi-asr/kaldi/blob/master/src/lmbin/arpa2fst.cc

@misc{arpa2fst,
  author={Kaldi-ASR},
  title={arpa2fst.cc},
  year={2018},
  url={https://github.com/kaldi-asr/kaldi/blob/master/src/lmbin/arpa2fst.cc}
} 

@misc{mfcc,
  author={Kaldi-ASR},
  title={Computing MFCC features},
  year={2022},
  url={https://kaldi-asr.org/doc/feat.html}
} 

@misc{fmllr,
  author={Kaldi-ASR},
  title={ Global CMLLR/fMLLR transforms in Kaldi},
  year={2022},
  url={https://kaldi-asr.org/doc/transform.html#transform_cmllr_global}
} 

https://kaldi-asr.org/doc/transform.html#transform_cmllr_global
%
%https://kaldi-asr.org/doc/classkaldi_1_1ConstArpaLm.html

@misc{constarpa,
  author={Kaldi-ASR},
  title={ConstArpaLm Class Reference},
  year={2022},
  url={https://kaldi-asr.org/doc/classkaldi_1_1ConstArpaLm.html}
} 


@misc{kalditut,
  author={Eleanor Chodroff},
  title={Kaldi Tutorial},
  year={2015},
  url={https://eleanorchodroff.com/tutorial/kaldi/index.html}
} 

@misc{arpaformat,
  author={CMUsphinx},
  title={ARPA Language models},
    year={2022},
  url={https://cmusphinx.github.io/wiki/arpaformat/}
} 



@misc{ivector,
  author={Kaldi-ASR},
  title={ Neural net based online decoding with iVectors in Kaldi},
    year={2022},
  url={https://kaldi-asr.org/doc/online_decoding.html#online_decoding_nnet2}
} 



@misc{chaintop,
  author={Kaldi-ASR},
  title={  The chain model in Kaldi},
    year={2022},
  url={https://kaldi-asr.org/doc/chain.html#chain_model}
} 


@misc{understandingkaldi,
  author={qianhwan},
  title={Understanding kaldi recipes with mini-librispeech example (part 2â€” DNN models)},
    year={2019},
  url={https://medium.com/@qianhwan/understanding-kaldi-recipes-with-mini-librispeech-example-part-2-dnn-models-d1b851a56c49}
} 

@inproceedings{langley00,
 author    = {P. Langley},
 title     = {Crafting Papers on Machine Learning},
 year      = {2000},
 pages     = {1207--1216},
 editor    = {Pat Langley},
 booktitle     = {Proceedings of the 17th International Conference
              on Machine Learning (ICML 2000)},
 address   = {Stanford, CA},
 publisher = {Morgan Kaufmann}
}

@TechReport{mitchell80,
  author = 	 "T. M. Mitchell",
  title = 	 "The Need for Biases in Learning Generalizations",
  institution =  "Computer Science Department, Rutgers University",
  year = 	 "1980",
  address =	 "New Brunswick, MA",
}

@phdthesis{kearns89,
  author = {M. J. Kearns},
  title =  {Computational Complexity of Machine Learning},
  school = {Department of Computer Science, Harvard University},
  year =   {1989}
}

@Book{MachineLearningI,
  editor = 	 "R. S. Michalski and J. G. Carbonell and T.
		  M. Mitchell",
  title = 	 "Machine Learning: An Artificial Intelligence
		  Approach, Vol. I",
  publisher = 	 "Tioga",
  year = 	 "1983",
  address =	 "Palo Alto, CA"
}

@Book{DudaHart2nd,
  author =       "R. O. Duda and P. E. Hart and D. G. Stork",
  title =        "Pattern Classification",
  publisher =    "John Wiley and Sons",
  edition =      "2nd",
  year =         "2000"
}

@misc{anonymous,
  title= {Suppressed for Anonymity},
  author= {Author, N. N.},
  year= {2021}
}

@InCollection{Newell81,
  author =       "A. Newell and P. S. Rosenbloom",
  title =        "Mechanisms of Skill Acquisition and the Law of
                  Practice", 
  booktitle =    "Cognitive Skills and Their Acquisition",
  pages =        "1--51",
  publisher =    "Lawrence Erlbaum Associates, Inc.",
  year =         "1981",
  editor =       "J. R. Anderson",
  chapter =      "1",
  address =      "Hillsdale, NJ"
}


@Article{Samuel59,
  author = 	 "A. L. Samuel",
  title = 	 "Some Studies in Machine Learning Using the Game of
		  Checkers",
  journal =	 "IBM Journal of Research and Development",
  year =	 "1959",
  volume =	 "3",
  number =	 "3",
  pages =	 "211--229"
}
