@Article{Lamp86,
  author =       "A.B. Smith and C.D. Jones and E.F. Roberts",
  title =        "Article Title",
  journal = 	 "Journal",
  year = 	 "1920",
  volume = 	 "62",
  pages = 	 "291-294",
  month = 	 "January"
}

@misc{li2019cantonese,
      title={Cantonese Automatic Speech Recognition Using Transfer Learning from Mandarin}, 
      author={Bryan Li and Xinyue Wang and Homayoon Beigi},
      year={2019},
      eprint={1911.09271},
      archivePrefix={arXiv},
      primaryClass={cs.CL},
      note         = {\url{https://arxiv.org/abs/1911.09271}}},
}

@article{zoph2016transfer,
  title={Transfer learning for low-resource neural machine translation},
  author={Zoph, Barret and Yuret, Deniz and May, Jonathan and Knight, Kevin},
  journal={arXiv preprint arXiv:1604.02201},
  year={2016},
  note            = {\url{https://arxiv.org/abs/1604.02201}}},
}

@article{nguyen2017transfer,
  title={Transfer learning across low-resource, related languages for neural machine translation},
  author={Nguyen, Toan Q and Chiang, David},
  journal={arXiv preprint arXiv:1708.09803},
  year={2017},
  note            = {\url{https://arxiv.org/abs/1708.09803}}},
}



@misc{Telugu_Experiments,
  author = {kuppulur},
  title = {Telugu Experiments},
  year = {2020},
  publisher = {GitHub},
  journal = {GitHub repository},
  howpublished = {\url{https://github.com/kuppulur/Telugu\_Experiments}},
  commit = {2365692f0f03dd580e129d0ef6f4b3b3a6599867}
}

@misc{tamilnlp,
  author = {goru001},
  title = {NLP for Tamil},
  year = {2018},
  publisher = {GitHub},
  journal = {GitHub repository},
  howpublished = {\url{https://github.com/goru001/nlp-for-tamil}},
  commit = {1c94ad927755946455d84e67f6b42429f0e45d3b}
}

@misc{numspeaker,
  author = {David M. Eberheard and Gary F. Simons and Charles D. Fennig},
  title = {Ethnologue: Languages of the World. Twenty-second edition.. Dallas, Texas: SIL International},
  year = {2019},
  publisher = {Ethnologue},
  journal = {GitHub repository},
  howpublished = {\url{http://www.ethnologue.com/22/country/IN/status/}}
}

@misc{literacyrate,
  author = {National Statistical Office, Ministry of Statistics and Programme Implementation, Govt. of India},
  title = {{Key Indicators of Household Social Consumption on Education in India - Table (2.1): Literacy rate (in per cent) among persons of age 7 years and above for different States}},
  pages={68},
  year = {2019},
  publisher = {Ministry of Statistics and Programme Implementation},
  journal = {GitHub repository},
  howpublished = {\url{https://www.mospi.gov.in/documents/213904/301563//KI_Education_75th_Final1602590967945.pdf/4d0dcdc4-a8f0-0795-df06-be25f2b3a6f7}}
}


@misc{tedlium,
  author = {kaldi-asr},
  title = {Tedlium},
  year = {2019},
  publisher = {GitHub},
  journal = {GitHub repository},
  note = {\url{https://github.com/kaldi-asr/kaldi/tree/master/egs/tedlium}},
  commit = {f8ab7a6c70c1783954523850bb71ae6f71a18a20}
}


@misc{speech_rec,
  author = {Sourya Kakarla},
  title = {{Main Github Resository for Tamil and Telugu ASR Project}},
  year = {2022},
  publisher = {GitHub},
  journal = {GitHub repository},
  note = {\url{https://github.com/ma08/speech_rec}},
  commit = {f8ab7a6c70c1783954523850bb71ae6f71a18a20}
}

@misc{kaldidb,
  author = {Sourya Kakarla},
  title = {{Github resository for hosting small data files for the Tamil and Telugu ASR Project}},
  year = {2022},
  publisher = {GitHub},
  journal = {GitHub repository},
  note = {\url{https://github.com/ma08/kaldi_tamtel_db/}},
  commit = {f8ab7a6c70c1783954523850bb71ae6f71a18a20}
}

@misc{indic-num2words,
  author = {Sourya Kakarla},
  title = {{indic-num2words - Convert numbers to words for indian languages}},
  year = {2022},
  publisher = {GitHub},
  journal = {GitHub repository},
  note = {\url{https://github.com/sutariyaraj/indic-num2words}},
  commit = {f8ab7a6c70c1783954523850bb71ae6f71a18a20}
}
@misc{cleancorpus,
  author = {Sourya Kakarla},
  title = {{clean\_corpus.sh - A script to clean the raw text, speech\_rec Github reporitory}},
  year = {2022},
  publisher = {GitHub},
  journal = {GitHub repository},
  note = {\url{https://github.com/ma08/speech_rec/blob/master/lang_model/preprocessing/clean_corpus.sh }},
  commit = {f8ab7a6c70c1783954523850bb71ae6f71a18a20}
}
@misc{mergedb,
  author = {Sourya Kakarla},
  title = {{merge\_datasets.sh - Merge individual Kaldi input folders, kaldi\_tamtel\_db Github reporitory}},
  year = {2022},
  publisher = {GitHub},
  journal = {GitHub repository},
  note = {\url{https://github.com/ma08/kaldi_tamtel_db/blob/main/merge_datasets.sh }},
  commit = {f8ab7a6c70c1783954523850bb71ae6f71a18a20}
}

@misc{createlexicon,
  author = {Sourya Kakarla},
  title = {{create\_lexicon.py - Create lexicon for Kaldi from text file, speech\_rec Github reporitory}},
  year = {2022},
  publisher = {GitHub},
  journal = {GitHub repository},
  note = {\url{https://github.com/ma08/speech_rec/blob/master/dataset_related/create_lexicon.py}},
  commit = {f8ab7a6c70c1783954523850bb71ae6f71a18a20}
}
@misc{createfiles,
  author = {Sourya Kakarla},
  title = {{create\_data\_files.sh - Creates files needed by Kaldi from the speech dataset, speech\_rec Github reporitory}},
  year = {2022},
  publisher = {GitHub},
  journal = {GitHub repository},
  note = {\url{https://github.com/ma08/speech_rec/blob/master/dataset_related/create_data_files.py}},
  commit = {f8ab7a6c70c1783954523850bb71ae6f71a18a20}
}
@misc{randnsample,
  author = {Sourya Kakarla},
  title = {{stage5\_out\_rand 25klines.sh - A random sample of 25k lines form the processed corpus for testing, speech\_rec Github reporitory}},
  year = {2022},
  publisher = {GitHub},
  journal = {GitHub repository},
  note = {\url{https://github.com/ma08/speech_rec/blob/master/lang_model/preprocessing/stage5_out_rand25klines.txt}},
  commit = {f8ab7a6c70c1783954523850bb71ae6f71a18a20}
}
@misc{validatecorpus,
  author = {Sourya Kakarla},
  title = {{validate\_text\_file.py - Validates whether a corpus file is clean, speech\_rec Github repository}},
  year = {2022},
  publisher = {GitHub},
  journal = {GitHub repository},
  note = {\url{https://github.com/ma08/speech_rec/blob/master/lang_model/validate_text_file.py}},
  commit = {f8ab7a6c70c1783954523850bb71ae6f71a18a20}
}
@misc{num2wordsscript,
  author = {Sourya Kakarla},
  title = {{Shell script to replace numers with words, speech\_rec repository, Github}},
  year = {2022},
  publisher = {GitHub},
  journal = {GitHub repository},
  note = {\url{https://github.com/ma08/kaldi_tamtel_db/}},
  commit = {f8ab7a6c70c1783954523850bb71ae6f71a18a20}
}

@misc{kalditamtel,
  author = {Sourya Kakarla},
  title = {{Github resository for hosting the customized Kaldi recipe for Tamil and Telugu  ASR Project}},
  year = {2022},
  publisher = {GitHub},
  journal = {GitHub repository},
  note = {\url{https://github.com/ma08/kaldi_tamtel/}},
  commit = {f8ab7a6c70c1783954523850bb71ae6f71a18a20}
}

@misc{logs,
  author = {Sourya Kakarla},
  title = {{Kaldi logs of the  Tamil and Telugu recipe}},
  year = {2022},
  publisher = {GitHub},
  journal = {GitHub repository},
  note = {\url{https://github.com/ma08/kaldi_tamtel/tree/main/logs}},
  commit = {f8ab7a6c70c1783954523850bb71ae6f71a18a20}
}

@misc{encodingbug,
  author = {Sourya Kakarla},
  title = {{Log file for encoding bug, kaldi\_tamtel\_db Github repository}},
  year = {2022},
  publisher = {GitHub},
  journal = {GitHub repository},
  note = {\url{https://github.com/ma08/kaldi_tamtel_db/blob/main/data/local/local_lm_failed_encoding/data/work/log/wordlist/prepare_int_data.log}},
  commit = {f8ab7a6c70c1783954523850bb71ae6f71a18a20}
}
@misc{prunebig,
  author = {Sourya Kakarla},
  title = {{Log file for Stage 4 lm\_4\_prune\_big stats, kaldi\_tamtel Github repository}},
  year = {2022},
  publisher = {GitHub},
  journal = {GitHub repository},
  note = {\url{https://github.com/ma08/kaldi_tamtel/blob/main/logs/stage4_5_4.log}},
  commit = {f8ab7a6c70c1783954523850bb71ae6f71a18a20}
}
@misc{prunesmall,
  author = {Sourya Kakarla},
  title = {{Log file for Stage 4 lm\_4\_prune\_small stats, kaldi\_tamtel Github repository}},
  year = {2022},
  publisher = {GitHub},
  journal = {GitHub repository},
  note = {\url{https://github.com/ma08/kaldi_tamtel/blob/main/logs/stage4_5_5.log}},
  commit = {f8ab7a6c70c1783954523850bb71ae6f71a18a20}
}
https://github.com/ma08/kaldi_tamtel/blob/main/logs/stage4_5_4.log
@misc{cmuindic,
  author = {Language Technologies Institute at Carnegie Mellon University},
  title = {{CMU INDIC speech synthesis databases}},
  note = {\url{http://festvox.org/cmu_indic/index.html}},
  commit = {f8ab7a6c70c1783954523850bb71ae6f71a18a20}
}


@misc{iitmasr,
  author = {IIT Madras Speech Lab},
  title = {{Hindi-Tamil-English ASR Challenge}},
  year = {2021},
  note = {\url{https://sites.google.com/view/indian-language-asrchallenge/home}},
  commit = {f8ab7a6c70c1783954523850bb71ae6f71a18a20}
}

@inproceedings{srivastava2018interspeech,
  title={{Interspeech 2018 Low Resource Automatic Speech Recognition Challenge for Indian Languages.}},
  author={Srivastava, Brij Mohan Lal and Sitaram, Sunayana and Mehta, Rupesh Kumar and Mohan, Krishna Doss and Matani, Pallavi and Satpal, Sandeepkumar and Bali, Kalika and Srikanth, Radhakrishnan and Nayak, Niranjan},
  howpublished={},
  note={\url{https://msropendata.com/datasets/7230b4b1-912d-400e-be58-f84e0512985e}},
  booktitle={SLTU},
  pages={11--14},
  year={2018}
}

@inproceedings{openslrtel,
    title = {{Open-source Multi-speaker Speech Corpora for Building Gujarati, Kannada, Malayalam, Marathi, Tamil and Telugu Speech Synthesis Systems}},
    author = {He, Fei and Chu, Shan-Hui Cathy and Kjartansson, Oddur and Rivera, Clara and Katanova, Anna and Gutkin, Alexander and Demirsahin, Isin and Johny, Cibu and Jansche, Martin and Sarin, Supheakmungkol and Pipatsrisawat, Knot},
    booktitle = {Proceedings of The 12th Language Resources and Evaluation Conference (LREC)},
    month = may,
    year = {2020},
    address = {Marseille, France},
    publisher = {European Language Resources Association (ELRA)},
    pages = {6494--6503},
    note = {\url{https://www.aclweb.org/anthology/2020.lrec-1.800}},
    ISBN = "{979-10-95546-34-4}",
}


@article{cvoice,
  author    = {Rosana Ardila and
               Megan Branson and
               Kelly Davis and
               Michael Henretty and
               Michael Kohler and
               Josh Meyer and
               Reuben Morais and
               Lindsay Saunders and
               Francis M. Tyers and
               Gregor Weber},
  title     = {{Common Voice: {A} Massively-Multilingual Speech Corpus}},
  journal   = {CoRR},
  volume    = {abs/1912.06670},
  year      = {2019},
  url       = {http://arxiv.org/abs/1912.06670},
  note       = {\url{http://arxiv.org/abs/1912.06670}},
  eprinttype = {arXiv},
  eprint    = {1912.06670},
  timestamp = {Thu, 02 Jan 2020 18:08:18 +0100},
  biburl    = {https://dblp.org/rec/journals/corr/abs-1912-06670.bib},
  bibsource = {dblp computer science bibliography, https://dblp.org}
}


@inproceedings{kakwani2020indicnlpsuite,
    title={{IndicNLPSuite: Monolingual Corpora, Evaluation Benchmarks and Pre-trained Multilingual Language Models for Indian Languages}},
    author={Divyanshu Kakwani and Anoop Kunchukuttan and Satish Golla and Gokul N.C. and Avik Bhattacharyya and Mitesh M. Khapra and Pratyush Kumar},
    year={2020},
    note = {\url{https://indicnlp.ai4bharat.org/corpora/}},
    booktitle={Findings of EMNLP},
}

@inproceedings{tamilkakwani2020indicnlpsuite,
    title={{IndicNLPSuite: Monolingual Corpora, Evaluation Benchmarks and Pre-trained Multilingual Language Models for Indian Languages}},
    author={Divyanshu Kakwani and Anoop Kunchukuttan and Satish Golla and Gokul N.C. and Avik Bhattacharyya and Mitesh M. Khapra and Pratyush Kumar},
    year={2020},
    note = {\url{https://storage.googleapis.com/ai4bharat-public-indic-nlp-corpora/indiccorp/ta.tar.xz}},
    booktitle={Findings of EMNLP},
}


@inproceedings{telugukakwani2020indicnlpsuite,
    title={{IndicNLPSuite: Monolingual Corpora, Evaluation Benchmarks and Pre-trained Multilingual Language Models for Indian Languages}},
    author={Divyanshu Kakwani and Anoop Kunchukuttan and Satish Golla and Gokul N.C. and Avik Bhattacharyya and Mitesh M. Khapra and Pratyush Kumar},
    year={2020},
    note = {\url{https://storage.googleapis.com/ai4bharat-public-indic-nlp-corpora/indiccorp/te.tar.xz }},
    booktitle={Findings of EMNLP},
}

@inproceedings{baby2016unified,
  title={A unified parser for developing Indian language text to speech synthesizers},
  author={Baby, Arun and NL, Nishanthi and Thomas, Anju Leela and Murthy, Hema A},
  booktitle={International Conference on Text, Speech, and Dialogue},
  pages={514--521},
  year={2016},
  organization={Springer},
  note={\url{https://www.iitm.ac.in/donlab/tts/unified.php}}
}


@article{javed2021towards,
  title={Towards Building ASR Systems for the Next Billion Users},
  author={Javed, Tahir and Doddapaneni, Sumanth and Raman, Abhigyan and Bhogale, Kaushal Santosh and Ramesh, Gowtham and Kunchukuttan, Anoop and Kumar, Pratyush and Khapra, Mitesh M},
  journal={arXiv preprint arXiv:2111.03945},
  year={2021},
  note={\url{https://arxiv.org/abs/2111.03945}}
}


@article{Multilingual,
  author    = {Anuj Diwan and
               Rakesh Vaideeswaran and
               Sanket Shah and
               Ankita Singh and
               Srinivasa Raghavan K. M. and
               Shreya Khare and
               Vinit Unni and
               Saurabh Vyas and
               Akash Rajpuria and
               Chiranjeevi Yarra and
               Ashish R. Mittal and
               Prasanta Kumar Ghosh and
               Preethi Jyothi and
               Kalika Bali and
               Vivek Seshadri and
               Sunayana Sitaram and
               Samarth Bharadwaj and
               Jai Nanavati and
               Raoul Nanavati and
               Karthik Sankaranarayanan and
               Tejaswi Seeram and
               Basil Abraham},
  title     = {Multilingual and code-switching {ASR} challenges for low resource
               Indian languages},
  journal   = {CoRR},
  volume    = {abs/2104.00235},
  year      = {2021},
  url       = {https://arxiv.org/abs/2104.00235},
  eprinttype = {arXiv},
  eprint    = {2104.00235},
  timestamp = {Mon, 12 Apr 2021 16:14:56 +0200},
  biburl    = {https://dblp.org/rec/journals/corr/abs-2104-00235.bib},
  bibsource = {dblp computer science bibliography, https://dblp.org},
  note            = {\url{https://arxiv.org/abs/2104.00235}}},
}

